<?xml version="1.0" encoding="UTF-8" ?>
<collection xmlns:xsi="http://www.w3.org/2001/XMLSchema-instance" xsi:schemaLocation="http://www.loc.gov/MARC21/slim http://www.loc.gov/standards/marcxml/schema/MARC21slim.xsd" xmlns="http://www.loc.gov/MARC21/slim">
   <record>
      <leader>     mam a22      a 4500</leader>
      <controlfield tag="001">1935583</controlfield>
      <controlfield tag="003">NIC</controlfield>
      <controlfield tag="005">20131119175034.0</controlfield>
      <controlfield tag="008">811012r19701905iq       b    001 0 ara d</controlfield>
      <datafield tag="010" ind1=" " ind2=" ">
         <subfield code="a">   70962672 </subfield>
      </datafield>
      <datafield tag="035" ind1=" " ind2=" ">
         <subfield code="a">(CStRLIN)NYCG81B529</subfield>
      </datafield>
      <datafield tag="035" ind1=" " ind2=" ">
         <subfield code="a">(NIC)notisAKA0010</subfield>
      </datafield>
      <datafield tag="035" ind1=" " ind2=" ">
         <subfield code="a">(OCoLC)31084592</subfield>
      </datafield>
      <datafield tag="035" ind1=" " ind2=" ">
         <subfield code="a">1935583</subfield>
      </datafield>
      <datafield tag="040" ind1=" " ind2=" ">
         <subfield code="a">NNC</subfield>
         <subfield code="c">NNC</subfield>
         <subfield code="d">NNC</subfield>
         <subfield code="d">NIC</subfield>
      </datafield>
      <datafield tag="041" ind1="0" ind2=" ">
         <subfield code="a">arager</subfield>
      </datafield>
      <datafield tag="090" ind1=" " ind2=" ">
         <subfield code="a">PJ6601</subfield>
         <subfield code="b">.H3 1970</subfield>
      </datafield>
      <datafield tag="245" ind1="0" ind2="3">
         <subfield code="a">al-Kanz al-lughawī fī al-lasan al-ʻArabī naqlan :</subfield>
         <subfield code="b">ʻan nusakh qadīmah /</subfield>
         <subfield code="c">saʻá fī nashrih wa-taʻlīq ḥawāshihi Ūghist Hafnar.</subfield>
      </datafield>
      <datafield tag="260" ind1=" " ind2=" ">
         <subfield code="a">Baghdād :</subfield>
         <subfield code="b">Aʻādat ṭabʻahu bi-al-ūfsit Maktabat al-Muthanná,</subfield>
         <subfield code="c">[1970?]</subfield>
      </datafield>
      <datafield tag="300" ind1=" " ind2=" ">
         <subfield code="a">328, 73, xiv p. ;</subfield>
         <subfield code="c">25 cm.</subfield>
      </datafield>
      <datafield tag="500" ind1=" " ind2=" ">
         <subfield code="a">Arabic or German.</subfield>
      </datafield>
      <datafield tag="500" ind1=" " ind2=" ">
         <subfield code="a">Vocalized text.</subfield>
      </datafield>
      <datafield tag="500" ind1=" " ind2=" ">
         <subfield code="a">Added t.p., in German: Texte zur arabischen Lexikographie.</subfield>
      </datafield>
      <datafield tag="500" ind1=" " ind2=" ">
         <subfield code="a">&quot;Die Texte ... enthalten ... das Kitâb el-ʼibil&apos; in zwei verschiedenen Redaktionen&quot;--P. [iii]</subfield>
      </datafield>
      <datafield tag="500" ind1=" " ind2=" ">
         <subfield code="a">Preliminary pages incorrectly bound: [iii]-xiv.</subfield>
      </datafield>
      <datafield tag="534" ind1=" " ind2=" ">
         <subfield code="p">Reprint.  Originally published:</subfield>
         <subfield code="c">Leipzig : Harrassowitz, 1905.</subfield>
      </datafield>
      <datafield tag="504" ind1=" " ind2=" ">
         <subfield code="a">Includes bibliographical references and indexes.</subfield>
      </datafield>
      <datafield tag="505" ind1="0" ind2=" ">
         <subfield code="a">Kitāb al-qalb wa-al-ibdāl / ṣanʻat Abī Yūsuf Yaʻqūb ibn Isḥāq al-Sikkīt -- Kitāb al-ibil / ʻan al-Aṣmaʻī -- Kitāb khalq al-insān / taʼlīf Abī Saʻīd ʻAbd al-Malik ibn Qurayb al-Aṣmaʻī.</subfield>
      </datafield>
      <datafield tag="650" ind1=" " ind2="0">
         <subfield code="a">Arabic language</subfield>
         <subfield code="x">Lexicography.</subfield>
      </datafield>
      <datafield tag="700" ind1="1" ind2=" ">
         <subfield code="a">Haffner, August,</subfield>
         <subfield code="d">1869-</subfield>
      </datafield>
      <datafield tag="700" ind1="1" ind2="2">
         <subfield code="a">Ibn al-Sikkīt,</subfield>
         <subfield code="d">-857 or 858.</subfield>
         <subfield code="t">Qalb wa-al-ibdāl.</subfield>
         <subfield code="f">1970.</subfield>
      </datafield>
      <datafield tag="700" ind1="1" ind2="2">
         <subfield code="a">Aṣmaʻī, ʻAbd al-Malik ibn Qurayb,</subfield>
         <subfield code="d">740-approximately 828.</subfield>
         <subfield code="t">Ibil.</subfield>
         <subfield code="f">1970.</subfield>
      </datafield>
      <datafield tag="700" ind1="1" ind2="2">
         <subfield code="a">Aṣmaʻī, ʻAbd al-Malik ibn Qurayb,</subfield>
         <subfield code="d">740-approximately 828.</subfield>
         <subfield code="t">Khalq al-insān.</subfield>
         <subfield code="f">1970.</subfield>
      </datafield>
      <datafield tag="740" ind1="0" ind2=" ">
         <subfield code="a">Texte zur arabischen Lexikographie.</subfield>
      </datafield>
      <datafield tag="903" ind1=" " ind2=" ">
         <subfield code="a">Google</subfield>
         <subfield code="d">20130423</subfield>
         <subfield code="p">31924060270042</subfield>
      </datafield>
      <datafield tag="903" ind1=" " ind2=" ">
         <subfield code="a">NYUACO</subfield>
         <subfield code="d">20131119</subfield>
         <subfield code="p">31924060270042</subfield>
      </datafield>
      <datafield tag="905" ind1=" " ind2=" ">
         <subfield code="a">19990302120000.0</subfield>
      </datafield>
      <datafield tag="948" ind1="2" ind2=" ">
         <subfield code="a">20100407</subfield>
         <subfield code="b">m</subfield>
         <subfield code="d">batch</subfield>
         <subfield code="e">lts</subfield>
         <subfield code="x">del9XXtxt</subfield>
      </datafield>
      <datafield tag="952" ind1=" " ind2=" ">
         <subfield code="b">olin,anx</subfield>
         <subfield code="h">PJ6601</subfield>
         <subfield code="i">.H13</subfield>
      </datafield>
      <datafield tag="995" ind1=" " ind2=" ">
         <subfield code="a">Hivolm</subfield>
         <subfield code="d">20100407</subfield>
      </datafield>
      <datafield tag="903" ind1=" " ind2=" ">
         <subfield code="a">NYUACO</subfield>
         <subfield code="d">20140402</subfield>
         <subfield code="p">31924060270042</subfield>
      </datafield>
      <datafield tag="950" ind1=" " ind2=" ">
         <subfield code="a">PJ6601</subfield>
         <subfield code="b">.H13</subfield>
         <subfield code="v"> </subfield>
      </datafield>
   </record>
</collection>
